
@book{IBGC-EXEMPLO,
	author = {IBGC},
	year = {2009},
	title = {\textbf{Código das Melhores Práticas de Governança Corporativa}},
	address={São Paulo},
	edition={4}
}

@article{Lei:8.854-EXEMPLO,
	Author = {GOVERNO, FEDERAL },
	Title = {{\textbf{Criação da Agência Espacial Brasileira, Lei: 8.854}}},
	Year = {1994}
}




@misc{PrincipiosAgil,
	Author = {Kent Beck, Mike Beedle, Arie van Bennekum, Alistair Cockburn, Ward Cunningham, Martin Fowler, James Grenning, Jim Highsmith, Andrew Hunt, Ron Jeffries, Jon Kern, Brian Marick, Robert C. Martin, Steve Mellor, Ken Schwaber, Jeff Sutherland, Dave Thomas},
	Title = {\textbf{Princípios por trás do Manifesto Ágil}},
	Url = {http://agilemanifesto.org/iso/ptbr/principles.html},
	Year = {2001},
}

@misc{PloneCMS,
	Author = {Plone Fondation},
	Title = {\textbf{What Is Plone}},
	Url = {https://docs.plone.org/intro/},
	Year = {2020},
	note = "Acessado em: 30/01/2020."
}

@misc{ZopeF,
	Author = {Zope},
	Title = {\textbf{Welcome to Zope}},
	Url = {https://www.zope.org},
	Year = {2020},
	note = "Acessado em: 30/01/2020."
}

@misc{Remine,
	Author = {Redmine},
	Title = {\textbf{Redmine}},
	Url = {https://www.redmine.org/},
	Year = {2020},
	note = "Acessado em: 30/01/2020."
}

@misc{Scrum,
	Author = {Scrum},
	Title = {\textbf{Scrum guides}},
	Url = {https://www.scrumguides.org/index.html},
	Year = {2020},
	note = "Acessado em: 30/01/2020."
}

@misc{Kanban,
	Author = {Desenvolvido e mantido pela Scrum.org e por Daniel Vacanti },
	Title = {\textbf{O Guia do Kanban para Times Scrum em Português}},
	Url = {http://andrelmgomes.com.br/artigosedocumentos/Andr%C3%A9%20Gomes%20-%20Guia%20Kanban%20para%20Times%20Scrum%202018.pdf},
	Year = {Abril de 2018},
	note = "Acessado em: 30/01/2020."
}

@misc{ITIL,
	Author = {AXELOS},
	Title = {\textbf{What is ITIL? }},
	Url = {https://www.axelos.com/best-practice-solutions/itil/what-is-itil},
	note = "Acessado em: 30/01/2020."
}

@book{ITILLivro,
	author ={MAGALHÃES, Ivan L.; PINHEIRO, Walfrido B},
	title = {\textbf{Um Guia do Conhecimento em Gerenciamento de Projetos (Guia PMBOK)}},
	publisher = {Gerenciamento de Serviços de TI na Prática: Uma abordagem com base na ITIL. 1a Ed.},
	address ={São Paulo},
	year ={2007},
	edition = 1a
}

@book{ITILLivroAXELOS,
	author ={AXELOS},
	title = {\textbf{5.2 Service management practices)}},
	publisher = { ITIL Foundation},
	address ={São Paulo},
	year ={2019},
	edition = "ITIL 4 edition"
}

